<marc:record xmlns:marc="http://www.loc.gov/MARC21/slim"><marc:leader>     nem  22     uu 4500</marc:leader><marc:controlfield tag="008">      s           |||||||||||||||||English||</marc:controlfield>
  <marc:datafield tag="130" ind1="0" ind2=" "><marc:subfield code="a">NOVA SCOTIA AND PRINCE EDWARD ISLAND</marc:subfield><marc:subfield code="b">Second Edition with 200 additional Names</marc:subfield></marc:datafield>
  
  <marc:datafield tag="655" ind1=" " ind2="7"><marc:subfield code="a">maps</marc:subfield><marc:subfield code="2">aat</marc:subfield></marc:datafield>
  <marc:datafield tag="700" ind1="1" ind2=" "><marc:subfield code="a">Tod, W. L.</marc:subfield><marc:subfield code="e">lithographer</marc:subfield></marc:datafield>
  <marc:datafield tag="250" ind1=" " ind2=" "><marc:subfield code="a">2nd edition</marc:subfield></marc:datafield><marc:datafield tag="260" ind1=" " ind2=" "><marc:subfield code="a">Pictou, NS</marc:subfield><marc:subfield code="b">James Dawson</marc:subfield><marc:subfield code="c">1852</marc:subfield></marc:datafield>
  
  <marc:datafield tag="520" ind1=" " ind2=" "><marc:subfield code="a">An attactive, cloth backed map of Nova Scotia and Prince Edward Island showing county lines in color.</marc:subfield></marc:datafield>
  
  
    <marc:datafield tag="300" ind1=" " ind2=" "><marc:subfield code="a">1 map : colored ; 49 x 61 cm, folded to 15 x 10 cm</marc:subfield></marc:datafield>
  
  <marc:datafield tag="500" ind1=" " ind2=" "><marc:subfield code="a">Under the title cartouche is the following note: "The First Edition of the Map, compiled from previous authorities, with much original matter, was printed in Edinburgh in 1847. In 1849, a Map professing to be an original compilation, but in reality an almost perfect Facsimile of the Edition of 1847, was printed in Boston, and issued in Nova Scotia, without consent of the Compiler or Publisher of the Map of 1847. These facts are stated here, that the plagiarism, if any, may be attributed to the appropriate parties."</marc:subfield></marc:datafield>
  <marc:datafield tag="852" ind1=" " ind2=" "><marc:subfield code="a">W. K. Morrison Special Collection</marc:subfield></marc:datafield>
  
    
  
  <marc:datafield tag="" ind1=" " ind2=" "><marc:subfield code="a">This material is provided for research, education and private use only. Commercial use of this work is strictly prohibited.  Attribution for use must be provided as follows: "Digital reproduction from the W. K. Morrison Special Collection of the J. B. Hall Library at the NSCC Centre of Geographic Sciences” and link to the original record.  For use other than research, education or private uses please contact the &lt;a href="mailto:library.avlawrencetown@nscc.ca"&gt;J. B. Hall Library&lt;/a&gt; at the NSCC Centre of Geographic Sciences.</marc:subfield></marc:datafield>
  <marc:datafield tag="787" ind1="0" ind2=" "><marc:subfield code="a">, cartographer</marc:subfield></marc:datafield>
  
    <marc:datafield tag="255" ind1=" " ind2=" "><marc:subfield code="c">-66.402; -59.591; 43.348; 47.182</marc:subfield><marc:subfield code="a">1:900,000</marc:subfield><marc:subfield code="b">Mercator</marc:subfield></marc:datafield>
  
</marc:record>